@article{bibtex101,
  title   = {BIBTEX 101},
  author  = {Patashnik, Oren},
  journal = {TUGboat},
  volume  = {15},
  pages   = {269--273},
  year    = {1984}
}